%YAML 1.1
%TAG !u! tag:unity3d.com,2011:
--- !u!1 &8292679116498370702
GameObject:
  m_ObjectHideFlags: 0
  m_CorrespondingSourceObject: {fileID: 0}
  m_PrefabInstance: {fileID: 0}
  m_PrefabAsset: {fileID: 0}
  serializedVersion: 6
  m_Component:
  - component: {fileID: 8292679116498370703}
  - component: {fileID: -5555846824660308655}
  - component: {fileID: 8292679116498370707}
  - component: {fileID: 8292679116498370706}
  - component: {fileID: 3899510470010813067}
  - component: {fileID: 8292679116498370701}
  - component: {fileID: 5911985351652153082}
  - component: {fileID: 8566757067650540571}
  - component: {fileID: 6078593168497578167}
  - component: {fileID: 5347706508059090062}
  - component: {fileID: 8078154546734334427}
  m_Layer: 0
  m_Name: Video_layer_1
  m_TagString: VideoLayer
  m_Icon: {fileID: 0}
  m_NavMeshLayer: 0
  m_StaticEditorFlags: 0
  m_IsActive: 1
--- !u!4 &8292679116498370703
Transform:
  m_ObjectHideFlags: 0
  m_CorrespondingSourceObject: {fileID: 0}
  m_PrefabInstance: {fileID: 0}
  m_PrefabAsset: {fileID: 0}
  m_GameObject: {fileID: 8292679116498370702}
  m_LocalRotation: {x: 0, y: 0, z: 0, w: 1}
  m_LocalPosition: {x: 0, y: 0, z: 0}
  m_LocalScale: {x: 1, y: 0.55, z: 0}
  m_Children: []
  m_Father: {fileID: 0}
  m_RootOrder: 0
  m_LocalEulerAnglesHint: {x: 0, y: 0, z: 0}
--- !u!114 &-5555846824660308655
MonoBehaviour:
  m_ObjectHideFlags: 0
  m_CorrespondingSourceObject: {fileID: 0}
  m_PrefabInstance: {fileID: 0}
  m_PrefabAsset: {fileID: 0}
  m_GameObject: {fileID: 8292679116498370702}
  m_Enabled: 1
  m_EditorHideFlags: 0
  m_Script: {fileID: 11500000, guid: 7ed124543636f154c8edf8d63ba26228, type: 3}
  m_Name: 
  m_EditorClassIdentifier: 
  videosToRotate: []
  curVideo: 0
--- !u!114 &8292679116498370707
MonoBehaviour:
  m_ObjectHideFlags: 0
  m_CorrespondingSourceObject: {fileID: 0}
  m_PrefabInstance: {fileID: 0}
  m_PrefabAsset: {fileID: 0}
  m_GameObject: {fileID: 8292679116498370702}
  m_Enabled: 1
  m_EditorHideFlags: 0
  m_Script: {fileID: 11500000, guid: 95df6e1c96c2c1045a4daa5b14d7a377, type: 3}
  m_Name: 
  m_EditorClassIdentifier: 
  VideoType: 0
  AutoPlay: 0
  Loop: 0
  PlaybackSpeed: 1
  LoadingIcon: {fileID: 0}
  VideoMode: 0
  URL: 
  Clip: {fileID: 0}
  TargetVideoPlanes: []
  TargetVideoImages: []
  AudioMode: 1
  AudioSource: {fileID: 0}
  OnStart:
    m_PersistentCalls:
      m_Calls: []
    m_TypeName: serginian.Media.VideoPlayerEvent, Assembly-CSharp, Version=0.0.0.0,
      Culture=neutral, PublicKeyToken=null
  OnEnd:
    m_PersistentCalls:
      m_Calls: []
    m_TypeName: serginian.Media.VideoPlayerEvent, Assembly-CSharp, Version=0.0.0.0,
      Culture=neutral, PublicKeyToken=null
--- !u!33 &8292679116498370706
MeshFilter:
  m_ObjectHideFlags: 0
  m_CorrespondingSourceObject: {fileID: 0}
  m_PrefabInstance: {fileID: 0}
  m_PrefabAsset: {fileID: 0}
  m_GameObject: {fileID: 8292679116498370702}
  m_Mesh: {fileID: 10210, guid: 0000000000000000e000000000000000, type: 0}
--- !u!65 &3899510470010813067
BoxCollider:
  m_ObjectHideFlags: 0
  m_CorrespondingSourceObject: {fileID: 0}
  m_PrefabInstance: {fileID: 0}
  m_PrefabAsset: {fileID: 0}
  m_GameObject: {fileID: 8292679116498370702}
  m_Material: {fileID: 0}
  m_IsTrigger: 0
  m_Enabled: 1
  serializedVersion: 2
  m_Size: {x: 0.3, y: 0.5, z: 0}
  m_Center: {x: 0, y: 0, z: 0}
--- !u!23 &8292679116498370701
MeshRenderer:
  m_ObjectHideFlags: 0
  m_CorrespondingSourceObject: {fileID: 0}
  m_PrefabInstance: {fileID: 0}
  m_PrefabAsset: {fileID: 0}
  m_GameObject: {fileID: 8292679116498370702}
  m_Enabled: 1
  m_CastShadows: 0
  m_ReceiveShadows: 0
  m_DynamicOccludee: 1
  m_MotionVectors: 1
  m_LightProbeUsage: 1
  m_ReflectionProbeUsage: 1
  m_RenderingLayerMask: 1
  m_RendererPriority: 0
  m_Materials:
  - {fileID: 2100000, guid: b8bee84c14215684aa529f217cb77c9b, type: 2}
  m_StaticBatchInfo:
    firstSubMesh: 0
    subMeshCount: 0
  m_StaticBatchRoot: {fileID: 0}
  m_ProbeAnchor: {fileID: 0}
  m_LightProbeVolumeOverride: {fileID: 0}
  m_ScaleInLightmap: 1
  m_PreserveUVs: 0
  m_IgnoreNormalsForChartDetection: 0
  m_ImportantGI: 0
  m_StitchLightmapSeams: 1
  m_SelectedEditorRenderState: 3
  m_MinimumChartSize: 4
  m_AutoUVMaxDistance: 0.5
  m_AutoUVMaxAngle: 89
  m_LightmapParameters: {fileID: 0}
  m_SortingLayerID: 0
  m_SortingLayer: 0
  m_SortingOrder: 0
--- !u!114 &5911985351652153082
MonoBehaviour:
  m_ObjectHideFlags: 0
  m_CorrespondingSourceObject: {fileID: 0}
  m_PrefabInstance: {fileID: 0}
  m_PrefabAsset: {fileID: 0}
  m_GameObject: {fileID: 8292679116498370702}
  m_Enabled: 1
  m_EditorHideFlags: 0
  m_Script: {fileID: 11500000, guid: 0c96d7f54daa13d478ad20b97660dc85, type: 3}
  m_Name: 
  m_EditorClassIdentifier: 
  m_Delegates: []
  nrOfVideoAssigned: 0
  videoLayerHolder: {fileID: 0}
  useCharacterVideos: 0
--- !u!114 &8566757067650540571
MonoBehaviour:
  m_ObjectHideFlags: 0
  m_CorrespondingSourceObject: {fileID: 0}
  m_PrefabInstance: {fileID: 0}
  m_PrefabAsset: {fileID: 0}
  m_GameObject: {fileID: 8292679116498370702}
  m_Enabled: 0
  m_EditorHideFlags: 0
  m_Script: {fileID: 11500000, guid: 4eda371e5375f454490a86f21559ee38, type: 3}
  m_Name: 
  m_EditorClassIdentifier: 
  Use:
    Filter: 0
    IgnoreStartedOverGui: 1
    RequiredFingerCount: 1
    RequiredMouseButtons: 1
    RequiredSelectable: {fileID: 0}
  Camera: {fileID: 0}
  Dampening: 1
  remainingTranslation: {x: 0, y: 0, z: 0}
--- !u!114 &6078593168497578167
MonoBehaviour:
  m_ObjectHideFlags: 0
  m_CorrespondingSourceObject: {fileID: 0}
  m_PrefabInstance: {fileID: 0}
  m_PrefabAsset: {fileID: 0}
  m_GameObject: {fileID: 8292679116498370702}
  m_Enabled: 1
  m_EditorHideFlags: 0
  m_Script: {fileID: -1862395651, guid: f70555f144d8491a825f0804e09c671c, type: 3}
  m_Name: 
  m_EditorClassIdentifier: 
  m_Delegates: []
--- !u!114 &5347706508059090062
MonoBehaviour:
  m_ObjectHideFlags: 0
  m_CorrespondingSourceObject: {fileID: 0}
  m_PrefabInstance: {fileID: 0}
  m_PrefabAsset: {fileID: 0}
  m_GameObject: {fileID: 8292679116498370702}
  m_Enabled: 0
  m_EditorHideFlags: 0
  m_Script: {fileID: 11500000, guid: 52d72cc6210cb7144a24acb7402222a6, type: 3}
  m_Name: 
  m_EditorClassIdentifier: 
  Use:
    Filter: 0
    IgnoreStartedOverGui: 1
    RequiredFingerCount: 2
    RequiredMouseButtons: 2
    RequiredSelectable: {fileID: 0}
  Camera: {fileID: 0}
  Relative: 0
  Dampening: -1
  remainingTranslation: {x: 0, y: 0, z: 0}
  remainingRotation: {x: 0, y: 0, z: 0, w: 1}
--- !u!114 &8078154546734334427
MonoBehaviour:
  m_ObjectHideFlags: 0
  m_CorrespondingSourceObject: {fileID: 0}
  m_PrefabInstance: {fileID: 0}
  m_PrefabAsset: {fileID: 0}
  m_GameObject: {fileID: 8292679116498370702}
  m_Enabled: 0
  m_EditorHideFlags: 0
  m_Script: {fileID: 11500000, guid: 7c73c1ab94e28d244827af556dca1ed2, type: 3}
  m_Name: 
  m_EditorClassIdentifier: 
  Use:
    Filter: 0
    IgnoreStartedOverGui: 1
    RequiredFingerCount: 2
    RequiredMouseButtons: 2
    RequiredSelectable: {fileID: 0}
  Camera: {fileID: 0}
  Relative: 0
  Dampening: -1
  remainingScale: {x: 0, y: 0, z: 0}
